@article{marforio,
  title={Application Collusion Attack on the Permission-Based Security Model and its Implications for Modern Smartphone Systems},
  author={Marforio, Claudio and Francillon, Aur{\'e}lien and Capkun, Srdjan}
}

@article{casteel,
  title={Exploiting common Intent vulnerabilities in {A}ndroid applications},
  author={Casteel, Kelly and Derby, Owen and Wilson, Dennis}
}

@inproceedings{flowdroid,
	author = {Christian Fritz and Steven Arzt and Siegfried Rasthofer and Eric Bodden and Alexandre Bartel and Jacques Klein and Yves le Traon and Damien Octeau and Patrick McDaniel},
	title = {FlowDroid: Precise Context, Flow, Field, Object-sensitive and Lifecycle-aware Taint Analysis for {A}ndroid Apps},
 	booktitle = {Proc.\ PLDI},
	year = {2014},
 	url = {http://www.bodden.de/pubs/far+14flowdroid.pdf},	
}

@inproceedings{didfail,
  author    = {William Klieber and
               Lori Flynn and
               Amar Bhosale and
               Limin Jia and
               Lujo Bauer},
  title     = {Android Taint Flow Analysis for App Sets},
  booktitle = {Proceedings of the 3rd {ACM} {SIGPLAN} International Workshop on the
               State Of the Art in Java Program analysis (SOAP)},
  year      = {2014},
  url       = {http://doi.acm.org/10.1145/2614628.2614633},
  doi       = {10.1145/2614628.2614633},
  biburl    = {http://dblp.uni-trier.de/rec/bib/conf/pldi/KlieberFBJB14},
}

  
@inproceedings{epicc,
  author = {Damien Octeau and Patrick McDaniel and Somesh Jha and Alexandre 
Bartel and Eric Bodden and Jacques Klein and Yves Le Traon},
  title = {Effective Inter-Component Communication Mapping in {A}ndroid with \textit{Epicc}: An 
Essential Step Towards Holistic Security Analysis},
  booktitle = {Proceedings of the 22nd USENIX Security Symposium (USENIX 
Security 13)},
  year = {2013},
  isbn = {978-1-931971-03-4},
  address = {Washington, D.C.},
  pages = {543--558},
  url = {http://siis.cse.psu.edu/epicc/papers/octeau-sec13.pdf}
}

@inproceedings{egners,
  title={Messing with Android's Permission Model},
  author={Egners, Andre and Meyer, Ulrike and Marschollek, Bj{\"o}rn},
  booktitle={2012 IEEE 11th International Conference on Trust, Security and Privacy in Computing and Communications (TrustCom)},
  pages={505--514},
  year={2012},
  organization={IEEE}
}

@CONFERENCE {lineberry,
    author    = "Lineberry, Anthony and Richardson, David Luke and Wyatt,Tim",
    title     = "These Are Not the Permissions You Are Looking For",
    booktitle = "DEF CON 18",
    year      = "2010"
}

@inproceedings{ifds,
  title={Precise interprocedural dataflow analysis via graph reachability},
  author={Reps, Thomas and Horwitz, Susan and Sagiv, Mooly},
  booktitle={Proceedings of the 22nd ACM SIGPLAN-SIGACT symposium on Principles of programming languages},
  pages={49--61},
  year={1995},
  organization={ACM}
}

@inproceedings{soot,
  title={Soot --- a Java bytecode optimization framework},
  author={Vall{\'e}e-Rai, Raja and Co, Phong and Gagnon, Etienne and Hendren, Laurie and Lam, Patrick and Sundaresan, Vijay},
  booktitle={Proceedings of the 1999 conference of the Centre for Advanced Studies on Collaborative research},
  year={1999},
  organization={IBM Press}
}

@article{li2014know,
  title={I know what leaked in your pocket: uncovering privacy leaks on Android Apps with Static Taint Analysis},
  author={Li, Li and Bartel, Alexandre and Klein, Jacques and Traon, Yves Le and Arzt, Steven and Rasthofer, Siegfried and Bodden, Eric and Octeau, Damien and McDaniel, Patrick},
  journal={arXiv preprint arXiv:1404.7431},
  year={2014}
}

@article{li2015icse,
  title={IccTA: Detecting Inter-Component Privacy Leaks in Android Apps},
  author={Li, Li and Bartel, Alexandre and Klein, Jacques and Traon, Yves Le and Arzt, Steven and Rasthofer, Siegfried and Bodden, Eric and Octeau, Damien and McDaniel, Patrick},
  journal={ICSE},
  year={2015}
}
