@inproceedings{Wu,
 author = {Wu, Jiying and Ruan, Qiuqi and An, Gaoyun},
 title = {{A} {N}ovel {I}mage {I}nterpolation {M}ethod {B}ased on {B}oth {L}ocal and {G}lobal {I}nformation},
 booktitle = {Proceedings of the Intelligent Computing 3rd International Conference on Advanced Intelligent Computing Theories and Applications},
 series = {ICIC'07},
 year = {2007},
 isbn = {3-540-74170-4, 978-3-540-74170-1},
 location = {Qingdao, China},
 pages = {842--851},
 numpages = {10},
 url = {http://dl.acm.org/citation.cfm?id=1777454.1777548},
 acmid = {1777548},
 publisher = {Springer-Verlag},
 address = {Berlin, Heidelberg},
}

@inproceedings{Zhang,
 author = {Zhang, Yin and Jin, Rong and Zhou, Zhi-Hua},
 title = {{U}nderstanding {B}ag-of-{W}ords {M}odel: {A} {S}tatistical {F}ramework},
 booktitle = {International Journal of Machine Learning and Cybernetics },
 series = {IJMLC '10},
 year = {2010},
 location = {Nanjing, China},
 pages = {43--52},
 numpages = {10},
 url = {http://cs.nju.edu.cn/zhouzh/zhouzh.files/publication/ijmlc10.pdf},
 doi = {10.1007/s13042-010-0001-0},
 publisher = {Springer-Verlag},
 address = {New York, NY, USA},
 keywords = {object recognition, bag of words model, rademacher complexity},
}

@inproceedings{wiki,
 author = {Wikipedia},
 title = {{A}bstract (summary)},
 year = {2014},
 url = {http://en.wikipedia.org/wiki/Abstract_%28summary%29},
 doi = {10.1007/s13042-010-0001-0},
 publisher = {Wikimedia Foundation, Inc},
 address = {San Francisco, California, USA},
}